@book{vi_Janicic,
  title={{Veštačka inteligencija}},
  author={Predrag Janičič, Mladen Nikolić},
  url={http://poincare.matf.bg.ac.rs/~janicic//courses/vi.pdf},
  year={2019},
  address = {Beograd}
}

@report{ea_without_table,
author = {Hans Kleine Buning, Benno Stein},
title = {A Study of Evolutionary Algorithms for the Satisfiability Problem},
institution = {Universitat Paderborn},
year = 2004
}

@report{ea_with_table,
author = {Jens Gottlieb, Elena Marchiori, Claudio Rossi},
title = {Evolutionary Algorithms for the Satisfiability Problem},
institution = {Radboud University Nijmegen},
}

@report{pso_layeb,
author = {Abdesslem Layeb},
title = {A particle swarm algorithm for solving the maximum satisfiability problem},
institution = {MISC Lab., Computer science department, University mentouri of Constantine, Algeria}
}

@report{sigmoid,
author = {Kennedy J, Eberhart RC.},
title = {A discrete binary version of the particle swarm algorithm},
institution = {MISC Lab., Computer science department, University mentouri of Constantine, Algeria},
year = {2007}
}

@conference{fitnes,
  author = {Gottlieb J, and Voss N}, 
  title = {Adaptive fitness functions for the satisfiability problem},
  year = {2000},
  note = {In: Parallel Problem Solving from Nature - PPSN VI 6th International Conference, Paris, France. Springer Verlag. LNCS 1917}  
}